3224 4096
552 151 612 202 xn.
632 148 816 206 ΞΕΝΟΦΩΝ.
1145 149 1187 214 41

183 313 324 395 νομίζων
350 309 496 377 εἰσιέναι.
542 312 575 376 οἰ
603 309 633 374 θ’
656 309 727 376 ἐπεὶ
754 311 929 395 εἰσῆλθον,
956 313 1015 376 τὸν
1041 313 1103 396 μὲν
1130 311 1190 376 ἀπ-

185 417 343 501 έκτειναν,
371 419 432 502 τήν
460 414 497 482 δὲ
524 427 667 500 γυναῖκα
694 419 901 502 φοβήσαντες
931 419 1189 501 κατεσιώπησαν.

185 523 324 602 ἐξιόντες
355 525 392 590 ὁέ
420 519 516 590 εἶπον
542 525 603 608 τήν
630 525 744 608 θύραν
771 530 975 590 κεκλεῖσθαι·
1012 527 1042 590 εἰ
1069 525 1107 589 δέ
1134 528 1190 609 λή-

185 643 300 708 ψονται
337 629 564 719 ἀνεῳγμένην,
600 632 781 715 ἠπείλησαν
816 630 1009 697 ἀποκτείνω
1045 633 1191 708 ἅπαντας

164 741 260 814 ιτοὺς
287 736 325 804 ἰν
351 748 390 824 τῇ
418 740 516 824 οἰκίᾳ.
561 736 633 802 έπεί
661 734 698 802 ὁὸ
725 746 829 803 ταῦτα
851 736 1050 823 ἐπέπρακτο,
1078 739 1224 820 λαβὼν8

186 845 246 910 ὁύο
273 843 291 909 ὁ
317 846 477 921 Φιλλίδας
504 855 571 910 τῶν
598 843 732 928 ἀνδρῶν
758 839 842 928 ἦλθε
869 845 953 931 πρὸς
975 846 1011 910 τὸ
1035 844 1192 910 ἀνάκειον

186 949 236 1016 καί
264 946 335 1017 εἶπε
361 959 406 1040 τῷ
432 951 687 1035 εἰργμοφύλακι,
711 951 760 1016 ὅτι
784 953 892 1036 άνὸρα
915 953 991 1035 άγοι
1014 953 1103 1036 παρά
1124 961 1192 1016 τῶν

186 1058 412 1142 πολεμάρχων,
443 1057 483 1123 ὁν
513 1053 616 1142 εἰρξαι
647 1056 726 1123 ὁέοι.
771 1057 816 1134 ὡς
843 1054 881 1122 ὁὸ
908 1057 1044 1146 ἀνέῳξε,
1071 1067 1192 1123 τοῦτον

186 1161 243 1248 μὲν
267 1165 373 1240 εὐθύς
395 1162 602 1247 ἀπέκτειναν,
620 1167 700 1240 τοὺς
722 1160 759 1228 ὁὸ
783 1164 951 1247 δεσμώτας
969 1167 1100 1229 ἔλυσαν.
1136 1164 1191 1229 καί

154 1296 175 1334 1⁰
187 1273 323 1345 τούτους
340 1266 402 1354 μὲν
420 1271 501 1353 ταχὺ
520 1280 587 1334 τῶν
606 1269 641 1335 ἐκ
659 1279 717 1353 τῆς
736 1283 834 1346 στοᾶς
857 1269 971 1334 ὅπλων
993 1274 1192 1347 καθελόντες

127 1421 128 1436 .
187 1378 343 1460 ὥπλισαν,
371 1377 424 1441 καί
452 1375 634 1460 ἀγαγόντες
660 1374 715 1442 έπί
738 1377 776 1442 τὸ
795 1374 954 1461 Ἀμφεῖον
975 1376 1101 1442 θέσθαι
1124 1376 1192 1442 έκέ-

127 1465 128 1520 Ῑ
186 1490 284 1548 λευον
301 1483 342 1546 τά
361 1482 454 1547 ὅπλα.
486 1481 523 1548 ἐκ
541 1483 578 1548 δὲ
596 1483 719 1548 τούτου
743 1483 848 1559 εὐθὺς
870 1481 1050 1567 ἐκήρυττον
1073 1482 1192 1561 ἐξιέναι
1211 1498 1226 1545 9

185 1592 307 1665 πάντας
341 1590 524 1672 Θηβαίους,
557 1588 675 1665 ἱππέας
705 1613 741 1653 τε
772 1588 827 1654 καί
859 1589 1009 1674 ὁπλίτας,
1046 1591 1091 1667 ὡς
1125 1603 1193 1656 τῶν

185 1697 359 1781 τυράννων
376 1696 579 1761 τεθνεώτων.
619 1698 651 1760 οἰ
670 1693 707 1761 ὁὸ
730 1702 872 1781 πολῖται,
891 1696 952 1774 ἕως
973 1694 1035 1779 μέν
1056 1695 1117 1774 νὺξ
1140 1693 1193 1781 ἦν,

154 1827 173 1866 ιι
186 1803 402 1878 ἀπιστοῦντες
428 1803 569 1886 ἡσυχίαν
596 1798 699 1886 εἰχον·
737 1802 807 1868 ἐπεὶ
836 1802 866 1867 θ’
889 1803 993 1889 ήμέρα
1020 1802 1047 1868 τ’
1071 1799 1113 1887 ἦν
1138 1803 1193 1869 καί

186 1909 334 1994 φανερὸν
359 1904 402 1992 ἦν
428 1910 465 1973 τὸ
493 1907 726 1993 γεγενημένον,
752 1913 835 1994 ταχὺ
864 1911 905 1994 δή
927 1911 981 1975 καί
1005 1912 1038 1975 οἰ
1062 1909 1193 1976 ὁπλῖται

185 2015 237 2082 καί
266 2016 300 2081 οἰ
328 2017 437 2092 ἰππείς
465 2018 529 2080 σὺν
553 2026 624 2092 τοῖς
647 2016 763 2093 ὅπλοις
786 2014 999 2100 ἐξεβοήθουν.
1044 2014 1194 2101 ἔπεμψαν

129 2041 133 2182 ἰ
186 2121 214 2185 θ’
244 2121 363 2197 ἰππέας
394 2123 427 2186 οἰ
458 2125 719 2204 κατεληλυθότες
750 2121 805 2187 καί
837 2121 891 2189 έπί
923 2127 1002 2200 τοὺς
1035 2124 1097 2188 δύο
1127 2134 1194 2188 τῶν

129 2190 133 2273 ἰ
183 2227 371 2313 Ἀθηναίων
394 2231 596 2313 στρατηγοὺς
623 2231 702 2304 τοὺς
731 2230 814 2314 πρὸς
842 2239 913 2306 τοίς
940 2229 1053 2314 ὁρίοις.
1100 2232 1131 2295 οἰ
1160 2227 1190 2294 θ’

155 2359 175 2397 ιο
187 2337 309 2411 εἰδότες
322 2335 359 2399 τὸ
374 2347 519 2419 πρᾶγμα,
537 2333 589 2419 ἐφ’
608 2333 626 2399 ὁ
645 2334 901 2419 ἀπεστάλκεσαν,
920 2335 1054 2422 ἐπῇσαν.
1087 2335 1194 2420 ὁμέν·
1214 2350 1247 2398 10

187 2466 235 2507 τοι
255 2441 294 2507 έν
311 2450 351 2526 τῇ
370 2439 549 2522 ἀκροπόλει
572 2441 736 2525 ἁρμοστής
759 2440 829 2506 έπεί
847 2440 971 2526 ᾔσθετο
990 2445 1027 2509 τὸ
1046 2467 1195 2528 νυκτερι-
1247 2509 1252 2522 ,

187 2550 246 2614 υὸν
265 2551 428 2632 κήρυγμα,
448 2547 552 2623 εὐθὺς
571 2550 714 2629 ἔπεμψεν
734 2549 780 2624 εἰς
795 2551 963 2626 Πλαταιάς
981 2548 1036 2615 καὶ
1053 2552 1196 2627 Θεσπιάς
1304 2535 1306 2542 ‚

188 2652 238 2718 ἐπί
275 2656 447 2738 βοήθειαν.
499 2652 554 2718 καί
591 2657 669 2730 τοὺς
704 2651 766 2739 μὲν
798 2658 967 2732 Πλαταιάς
1000 2659 1195 2739 αἰσθόμενοι
1241 2677 1244 2682 “

188 2763 387 2845 προσιόντας
423 2761 456 2825 οἰ
491 2771 559 2825 τῶν
597 2763 754 2844 Θηβαίων
790 2762 915 2845 ἱππεῖς,
953 2761 1197 2847 ἀπαντήσαντες

159 2888 178 2927 ιι
190 2864 383 2932 ἀπέκτειναν
405 2867 516 2932 αὐτῶν
538 2867 641 2932 πλέον
663 2867 684 2952 ή
707 2874 845 2933 εἰκόσιν·
882 2866 953 2933 έπεί
976 2869 1014 2933 ὁὸ
1037 2871 1197 2953 εἰσῆλθον

190 2983 290 3038 ταῦτα
309 2972 490 3057 πράξαντες
507 2971 562 3038 καί
582 2975 614 3038 οἰ
634 2972 808 3057 Ἀθηναῖοι
832 2974 894 3039 ἀπὸ
918 2985 985 3039 τῶν
1009 2974 1111 3060 ὁρίων
1132 2977 1195 3060 ήὸη

190 3091 351 3165 παρῆσαν,
365 3078 573 3165 προσέβαλον
591 3081 673 3165 πρὸς
691 3081 752 3164 τήν
766 3080 956 3167 ἀκρόπολιν.
987 3081 1030 3158 ὡς
1044 3079 1081 3146 δὲ
1095 3080 1197 3166 ἔγνω-
1216 3097 1248 3145 11

132 3194 136 3283 ζ
191 3202 251 3251 σαν
265 3195 365 3251 τοῦτο
381 3188 413 3251 οἰ
422 3185 460 3252 έν
469 3196 508 3272 τῇ
523 3185 701 3268 ἀκροπόλει
715 3187 823 3270 όλίγοι
838 3190 931 3263 όυτες
944 3191 1006 3272 τήν
1018 3210 1053 3252 τε
1067 3195 1197 3274 προθυ-

134 3288 137 3309 '
192 3294 269 3372 μίαν
282 3303 350 3358 τῶν
363 3295 573 3378 προσιόντων
587 3291 743 3358 ἁπάντων
757 3291 879 3377 ἑώρων,
893 3304 961 3358 τῶν
978 3296 1198 3379 κηρυγμάτων

163 3400 341 3484 αμεγάλων
358 3398 567 3483 γιγνομένων
584 3409 654 3476 τοῖς
672 3400 816 3484 πρώτοις
834 3400 1006 3485 ἀναβᾶσιν,
1021 3399 1056 3466 ἐκ
1069 3401 1198 3465 τούτων

192 3503 396 3589 φοβηθέντες
414 3500 519 3590 εἰπον,
539 3505 589 3570 ότι
609 3505 740 3571 ἀπίοιεν
758 3507 810 3590 άν,
830 3509 859 3572 εἰ
878 3509 997 3592 σφίσιν
1014 3507 1198 3591 ἀσφάλειαν

1362 3608 1367 3643 Ι

1355 3648 1370 3723 ἰ
